@string(ICCV="Proc. Int. Conf. on Comp. Vis.")
@string(IJCV="Int. J. Comp. Vis.")
@string(PAMI="IEEE Trans. Pat. Ana. \& Mach. Int.")
@string(TVCG="IEEE Trans. Vis. \& Comp. Graphics")
@string(CVPR="Proc. IEEE Conf. on Comp. Vis. and Pat. Rec.")
@string(SMI="Proc. IEEE Int. Conf. on Shape Modeling and Applications")
@string(CRV="Proc. Canadian Conf. on Computer and Robot Vision")
@string(ICASSP="Proc. Int. Conf. on Acoustics, Speech and Signal Processing")
@string(ICPR="Proc. Int. Conf. on Pat. Rec.")
@string(SGP="Proc. Symp. on Geometry Processing")
@string(FGR="Proc. IEEE Conf. Automatic Face and Gesture Recognition")
@string(ECCV="Proc. Euro. Conf. on Comp. Vis.")
@string(SIGGRAPH="Proc. of SIGGRAPH")
@string(TOG="ACM Trans. on Graph")
@string(TOG_SIG="ACM Trans. on Graph (Proc. of SIGGRAPH)")
@string(TOG_SIGA="ACM Trans. on Graph (Proc. of SIGGRAPH Asia)")
@string(CGF_EG="Computer Graphics Forum (Proc. of Eurographics)")
@string(EG="Proc. of Eurographics")
@string(CGF="Computer Graphics Forum")
@string(CGF_SGP="Computer Graphics Forum (Proc. of Symposium on Geometry Processing)")
@string(TVC="The Visual Computer")
@string(JMP="Journal of Medical Physics")

@article{sharma2010,
author = {N. Sharma and LM. Aggarwal},
title = {Automated medical image segmentation techniques},
journal = {Journal of Medical Physics},
year = {2010},
volume = {35},
pages = {3-14},
doi = {10.4103/0971-6203.58777},
pmid = {20177565},
pmcid = {PMC2825001},
url = { http://www.ncbi.nlm.nih.gov/pmc/articles/PMC2825001},
}

@article{Gao20121216,
title = "A 3D interactive multi-object segmentation tool using local robust statistics driven active contours ",
journal = "Medical Image Analysis ",
volume = "16",
number = "6",
pages = "1216 - 1227",
year = "2012",
note = "",
issn = "1361-8415",
doi = "http://dx.doi.org/10.1016/j.media.2012.06.002",
TOO_LONG_url = "http://www.sciencedirect.com/science/article/pii/S1361841512000837",
author = "Yi Gao and Ron Kikinis and Sylvain Bouix and Martha Shenton and Allen Tannenbaum",
keywords = "Interactive segmentation",
keywords = "Open science",
keywords = "Multiple object segmentation",
keywords = "Active contours",
keywords = "Robust statistics "
}

@ARTICLE{487786,
author={Ramesh, N. and Yoo, J.-H. and Sethi, I.K.},
journal={Vision, Image and Signal Processing, IEE Proceedings -},
title={Thresholding based on histogram approximation},
year={1995},
volume={142},
number={5},
pages={271-279},
keywords={error analysis;function approximation;image segmentation;minimisation;statistical analysis;approximated histogram variance minimization;automatic threshold-selection schemes;computational cost;entropy-based approach;functional approximation;goodness measure;histogram approximation;moment-based approach;square errors sum minimization},
doi={10.1049/ip-vis:19952007},
ISSN={1350-245X},}

@article{Wang1996509,
title = "Comparison of several approaches for the segmentation of texture images ",
journal = "Pattern Recognition Letters ",
volume = "17",
number = "5",
pages = "509 - 521",
year = "1996",
note = "",
issn = "0167-8655",
TOO_LONG_doi = "http://dx.doi.org/10.1016/0167-8655(96)00006-2",
TOO_LONG_url = "http://www.sciencedirect.com/science/article/pii/0167865596000062",
author = "Zhiling Wang and A. Guerriero and M. De Sario",
keywords = "Texture segmentation",
}

@article{Sharma2008,
author = {Sharma, Neeraj. and Ray, Amit. and Sharma, Shiru. and Shukla, K. and Pradhan, Satyajit. and Aggarwal, Lalit. },
title =  {{Segmentation and classification of medical images using texture-primitive features: Application of BAM-type artificial neural network}},
journal  ={Journal of Medical Physics},
volume ={33},
number ={3},
pages  = {119-126},
doi  = {10.4103/0971-6203.42763},
year  = {2008},
TOO_LONG_URL = {http://www.jmp.org.in/article.asp?issn=0971-6203;year=2008;volume=33;issue=3;spage=119;epage=126;aulast=Sharma;t=6},
TOO_LONG_eprint = {http://www.jmp.org.in/article.asp?issn=0971-6203;year=2008;volume=33;issue=3;spage=119;epage=126;aulast=Sharma;t=6}
}

@article{Olabarriaga2001127,
title = "Interaction in the segmentation of medical images: A survey ",
journal = "Medical Image Analysis ",
volume = "5",
number = "2",
pages = "127 - 142",
year = "2001",
note = "",
issn = "1361-8415",
doi = "http://dx.doi.org/10.1016/S1361-8415(00)00041-4",
url = "http://www.sciencedirect.com/science/article/pii/S1361841500000414",
author = "S.D Olabarriaga and A.W.M Smeulders",
keywords = "Image segmentation",
keywords = "Medical images",
keywords = "Interactive segmentation",
keywords = "Human computer interaction"
}

@ARTICLE{Poon2008,
  AUTHOR       = {Miranda Poon and Ghassan Hamarneh and Rafeef Abugharbieh},
  JOURNAL      = {Computerized Medical Imaging and Graphics},
  TITLE        = {Efficient Interactive 3D Livewire Segmentation of
     Objects with Arbitrarily Topologies},
  YEAR         = {2008},
  OPTMONTH     = {},
  OPTNOTE      = {},
  NUMBER       = {8},
  PAGES        = {639-650},
  VOLUME       = {32},
  KEYWORDS     = {Segmentation, Software and Tools, User Interaction},
  PDF          = {http://www.cs.sfu.ca/~hamarneh/ecopy/cmig2008.pdf},
  DOI          = {10.1016/j.compmedimag.2008.07.004}
}

@incollection{Top2011,
year={2011},
isbn={978-3-642-23625-9},
booktitle={Medical Image Computing and Computer-Assisted Intervention -- MICCAI 2011},
volume={6893},
series={Lecture Notes in Computer Science},
editor={Fichtinger, Gabor and Martel, Anne and Peters, Terry},
doi={10.1007/978-3-642-23626-6_74},
title={Active Learning for Interactive 3D Image Segmentation},
url={http://dx.doi.org/10.1007/978-3-642-23626-6_74},
publisher={Springer Berlin Heidelberg},
author={Top, Andrew and Hamarneh, Ghassan and Abugharbieh, Rafeef},
pages={603-610}
}

@article{hu:4547,
author = {Yu-Chi Hu and Michael D. Grossberg and Abraham Wu and Nadeem Riaz and Carmen Perez and Gig S. Mageras},
collaboration = {},
title = {Interactive semiautomatic contour delineation using statistical conditional random fields framework},
publisher = {AAPM},
year = {2012},
journal = {Medical Physics},
volume = {39},
number = {7},
pages = {4547-4558},
keywords = {computerised tomography; image segmentation; interpolation; kidney; liver; medical image processing; minimisation; phantoms; radiation therapy; statistics},
url = {http://link.aip.org/link/?MPH/39/4547/1},
doi = {10.1118/1.4728979}
}

@ARTICLE{Kass88snakes:active,
    author = {Michael Kass and Andrew Witkin and Demetri Terzopoulos},
    title = {Snakes: Active contour models},
    journal = {INTERNATIONAL JOURNAL OF COMPUTER VISION},
    year = {1988},
    volume = {1},
    number = {4},
    pages = {321--331}
}

@incollection{Criminisi2008,
year={2008},
isbn={978-3-540-88681-5},
booktitle={Computer Vision ECCV 2008},
volume={5302},
series={Lecture Notes in Computer Science},
editor={Forsyth, David and Torr, Philip and Zisserman, Andrew},
doi={10.1007/978-3-540-88682-2_9},
title={GeoS: Geodesic Image Segmentation},
url={http://dx.doi.org/10.1007/978-3-540-88682-2_9},
publisher={Springer Berlin Heidelberg},
author={Criminisi, Antonio and Sharp, Toby and Blake, Andrew},
pages={99-112}
}

@inproceedings{Li:2004:LS:1186562.1015719,
 author = {Li, Yin and Sun, Jian and Tang, Chi-Keung and Shum, Heung-Yeung},
 title = {Lazy snapping},
 booktitle = {ACM SIGGRAPH 2004 Papers},
 series = {SIGGRAPH '04},
 year = {2004},
 location = {Los Angeles, California},
 pages = {303--308},
 numpages = {6},
 url = {http://doi.acm.org/10.1145/1186562.1015719},
 doi = {10.1145/1186562.1015719},
 acmid = {1015719},
 publisher = {ACM},
 address = {New York, NY, USA},
 keywords = {Graph Cut, Image Cutout, Interactive Image Segmentation, User Interface},
} 

@article{Grady:2006:RWI:1175896.1176220,
 author = {Grady, Leo},
 title = {Random Walks for Image Segmentation},
 journal = {IEEE Trans. Pattern Anal. Mach. Intell.},
 issue_date = {November 2006},
 volume = {28},
 number = {11},
 month = nov,
 year = {2006},
 issn = {0162-8828},
 pages = {1768--1783},
 numpages = {16},
 url = {http://dx.doi.org/10.1109/TPAMI.2006.233},
 doi = {10.1109/TPAMI.2006.233},
 acmid = {1176220},
 publisher = {IEEE Computer Society},
 address = {Washington, DC, USA},
 keywords = {Image segmentation, Image segmentation, interactive segmentation, graph theory, random walks, combinatorial Dirichlet problem, harmonic functions, Laplace equation, graph cuts, boundary completion., Laplace equation, boundary completion., combinatorial Dirichlet problem, graph cuts, graph theory, harmonic functions, interactive segmentation, random walks},
}

@ARTICLE{902291,
author={Chan, T.F. and Vese, L.A.},
journal={Image Processing, IEEE Transactions on},
title={Active contours without edges},
year={2001},
volume={10},
number={2},
pages={266-277},
keywords={finite difference methods;functional equations;image segmentation;object detection;Mumford-Shah functional;active contours;curve evolution;experimental results;finite differences;image segmentation;initial curve;level sets;mean-curvature flow;minimal partition problem;numerical algorithm;object detection;stopping term;Active contours;Finite difference methods;Helium;Image edge detection;Image segmentation;Level set;Mathematics;Object detection;Partial differential equations;Two-term control},
doi={10.1109/83.902291},
ISSN={1057-7149},
}

@ARTICLE{4337766,
author={Michailovich, O. and Rathi, Y. and Tannenbaum, A.},
journal={Image Processing, IEEE Transactions on},
title={Image Segmentation Using Active Contours Driven by the Bhattacharyya Gradient Flow},
year={2007},
volume={16},
number={11},
pages={2787-2801},
keywords={gradient methods;image classification;image resolution;image segmentation;Bhattacharyya gradient flow;active contours;image pixel classification;image segmentation;photometric variable;Active contours;Biomedical computing;Biomedical imaging;Hospitals;Image converters;Image segmentation;Kernel;Photometry;Pixel;Shape;Active contours;Bhattacharyya distance;image segmentation;kernel density estimation;Algorithms;Artificial Intelligence;Image Enhancement;Image Interpretation, Computer-Assisted;Pattern Recognition, Automated;Reproducibility of Results;Sensitivity and Specificity},
doi={10.1109/TIP.2007.908073},
ISSN={1057-7149},}

@inproceedings{KriegelRBNSH12,
  author = {Kriegel, Simon and Rink, Christian and Bodenm\"{u}ller, Tim and Narr, Alexander and Suppa, Michael and Hirzinger, Gerd},
TOO_LONG_biburl = {http://www.bibsonomy.org/bibtex/2176442d4a876e223fd3f82d6c6f2af13/dblp},
  booktitle = {IROS},
  ee = {http://dx.doi.org/10.1109/IROS.2012.6385624},
  interhash = {c98ae92fce5857b5b65f5d411f77efe8},
  intrahash = {176442d4a876e223fd3f82d6c6f2af13},
  isbn = {978-1-4673-1737-5},
  keywords = {dblp},
  pages = {2850-2856},
  publisher = {IEEE},
  timestamp = {2013-01-04T00:00:00.000+0100},
  title = {Next-best-scan planning for autonomous 3D modeling.},
  url = {http://dblp.uni-trier.de/db/conf/iros/iros2012.html#KriegelRBNSH12},
  year = 2012
}

@INPROCEEDINGS{Wong99nextbest,
    author = {L. M. Wong and C. Dumont and M. A. Abidi},
    title = {Next Best View System in a 3-D Object Modeling Task},
    booktitle = {IN PROC. INTERNATIONAL SYMPOSIUM ON COMPUTATIONAL INTELLIGENCE IN ROBOTICS AND AUTOMATION (CIRA)},
    year = {1999},
    pages = {306--311},
}

@inproceedings{Kra11Aut,
	Author = {Krainin, M. and Curless, B. and Fox, D.},
	Title = {Autonomous Generation of Complete {3D} Object Models Using Next Best View Manipulation Planning},
	Booktitle = {Proc.~of the IEEE International Conference on Robotics and Automation (ICRA)},
	Year = {2011},
	pdf = {http://www.cs.washington.edu/ai/Mobile_Robotics/postscripts/nbv-icra-11-final.pdf},
}

@ARTICLE{Barrett97interactivelive-wire,
    author = {William A. Barrett and Eric N. Mortensen},
    title = {Interactive Live-Wire Boundary Extraction},
    journal = {Medical Image Analysis},
    year = {1997},
    volume = {1},
    pages = {331--341}
}

@article{MaverB93,
  author = {Maver, Jasna and Bajcsy, Ruzena},
  TOO_LONG_biburl = {http://www.bibsonomy.org/bibtex/2f2e3f0c5c8a6f7b97559cfeb66ba0046/dblp},
  ee = {http://doi.ieeecomputersociety.org/10.1109/34.211463},
  interhash = {b2611aa78298bcd307de6f97e6d94d28},
  intrahash = {f2e3f0c5c8a6f7b97559cfeb66ba0046},
  journal = {IEEE Trans. Pattern Anal. Mach. Intell.},
  keywords = {dblp},
  number = 5,
  pages = {417--433},
  timestamp = {2011-11-07T00:00:00.000+0100},
  title = {Occlusions as a Guide for Planning the Next View.},
  url = {http://dblp.uni-trier.de/db/journals/pami/pami15.html#MaverB93},
  volume = 15,
  year = 1993
}

@INPROCEEDINGS{Banta95a,
    author = {J. E. Banta and Y. Zhien and X. Z. Wang and G. Zhang and M. T. Smith and M. A. Abidi},
    title = {A "Best-Next-View" Algorithm for Three-Dimensional Scene Reconstruction Using Range Images},
    booktitle = {In Intel. Robotics and Comp. Vision XIV session of Intel. Sys. and Advamced Manufacturing Symp. SPIE},
    year = {1995},
    pages = {418--29}
}

@INPROCEEDINGS{1087372,
author={Connolly, C.},
booktitle={Robotics and Automation. Proceedings. 1985 IEEE International Conference on},
title={The determination of next best views},
year={1985},
volume={2},
pages={432-435},
keywords={Area measurement;Layout;Sampling methods;Turbines},
doi={10.1109/ROBOT.1985.1087372},
}

@article{dbscan96kdddm,
    author = {Ester, Martin and Kriegel, Hans-peter and J\"{o}rg, S. and Xu, Xiaowei},
    keywords = {clustering, full-space},
    pages = {226--231},
    title = {{A density-based algorithm for discovering clusters in large spatial databases with noise}},
    year = {1996}
}

@inproceedings{conf/kdd/EsterKSX96,
  added-at = {2012-12-12T00:00:00.000+0100},
  author = {Ester, Martin and Kriegel, Hans-Peter and Sander, Jo"rg and Xu, Xiaowei},
  biburl = {http://www.bibsonomy.org/bibtex/279a9f3560daefa3775bd35543b4482e1/dblp},
  booktitle = {KDD},
  NON_EXISTENT_crossref = {conf/kdd/1996},
  editor = {Simoudis, Evangelos and Han, Jiawei and Fayyad, Usama M.},
  ee = {http://www.aaai.org/Library/KDD/1996/kdd96-037.php},
  interhash = {ba33e4d6b4e5b26bd9f543f26b7d250a},
  intrahash = {79a9f3560daefa3775bd35543b4482e1},
  isbn = {1-57735-004-9},
  keywords = {dblp},
  pages = {226-231},
  publisher = {AAAI Press},
  timestamp = {2012-12-12T00:00:00.000+0100},
  title = {A Density-Based Algorithm for Discovering Clusters in Large Spatial Databases with Noise.},
  url = {http://dblp.uni-trier.de/db/conf/kdd/kdd96.html#EsterKSX96},
  year = 1996
}

@article{Bermano:2011:ORO:2019627.2019632,
 author = {Bermano, Amit and Vaxman, Amir and Gotsman, Craig},
 title = {Online reconstruction of 3D objects from arbitrary cross-sections},
 journal = {TOG},
 issue_date = {October 2011},
 volume = {30},
 number = {5},
 month = oct,
 year = {2011},
 issn = {0730-0301},
 pages = {113:1--113:11},
 articleno = {113},
 numpages = {11},
 url = {http://doi.acm.org/10.1145/2019627.2019632},
 doi = {10.1145/2019627.2019632},
 acmid = {2019632},
 publisher = {ACM},
 address = {New York, NY, USA},
} 

@article{Armstrong:2007:ISI:1235887.1236006,
 author = {Armstrong, Christopher J. and Price, Brian L. and Barrett, William A.},
 title = {Interactive segmentation of image volumes with Live Surface},
 journal = {Comput. Graph.},
 issue_date = {April, 2007},
 volume = {31},
 number = {2},
 month = apr,
 year = {2007},
 issn = {0097-8493},
 pages = {212--229},
 numpages = {18},
 url = {http://dx.doi.org/10.1016/j.cag.2006.11.015},
 doi = {10.1016/j.cag.2006.11.015},
 acmid = {1236006},
 publisher = {Pergamon Press, Inc.},
 address = {Elmsford, NY, USA},
 keywords = {68T45, 68U05, 92C55, Biomedical imaging and signal processing, Computer graphics, Machine vision and scene understanding},
} 

@book{udupa2000,
  author = { Udupa, J.K. and Herman, G. T.},
  title = {3D Imaging in Medicine},
  edition = {Second},
  publisher = {CRC Press},
  year = 2000
}

@book{gross2007,
  author = {Markus Gross and Hanspeter Pfister},
  title = {Point-Based Graphics},
  publisher = {Morgan Kaufman},
  year = 2007
}


@article{carr2001,
  author = {J. C. Carr and R. K. Beatson and J. B. Cherrie and T. J. Mitchell and W. R. Fright and B. C. McCallum and T. R. Evans},
  title = {Reconstruction and representation of {3D} objects with radial basis functions},
  journal = SIGGRAPH,
  year = {2001},
  pages = {67--76},
}

@inproceedings{davis2002,
 author = {James Davis and Stephen R. Marschner and Matt Garr and Marc Levoy},
 title = {Filling Holes in Complex Surfaces using Volumetric Diffusion},
 booktitle = {Proc. Symp. on 3D Data Processing, Visualization and Transmission},
 year = {2002},
 pages = {428--438},
}

 @article{1945,
     jstor_articletype = {research-article},
     title = {Measures of the Amount of Ecologic Association Between Species},
     author = {Dice, Lee R.},
     journal = {Ecology},
     jstor_issuetitle = {},
     volume = {26},
     number = {3},
     jstor_formatteddate = {Jul., 1945},
     pages = {pp. 297-302},
     url = {http://www.jstor.org/stable/1932409},
     ISSN = {00129658},
     language = {English},
     year = {1945},
     publisher = {Ecological Society of America},
    }

@book{rockafellar2010variational,
  title={Variational Analysis},
  author={Rockafellar, R.T. and Wets, R.J.B. and Wets, M.},
  isbn={9783642083044},
  series={Grundlehren der mathematischen Wissenschaften},
  url={http://books.google.co.il/books?id=gvGLcgAACAAJ},
  year={2010},
  publisher={Springer}
}

@article{MitsuhashiFTKTO09,
  TOO_LONG_author    = {Nobutaka Mitsuhashi and
               Kaori Fujieda and
               Takuro Tamura and
               Shoko Kawamoto and
               Toshihisa Takagi and
               Kousaku Okubo},
	author    = {Mitsuhashi, N. and
               Fujieda, K. and
               Tamura, T. and
               Kawamoto, S. and
               Takagi, T. and
               Okubo, K.},               
  title     = {BodyParts3D: 3D structure database for anatomical concepts},
  journal   = {Nucleic Acids Research},
  volume    = {37},
  number    = {Database-Issue},
  year      = {2009},
  pages     = {782-785},
  ee        = {http://dx.doi.org/10.1093/nar/gkn613},
  bibsource = {DBLP, http://dblp.uni-trier.de}
}
@article{humeral98,
  title = {The image datasets used in this experiment were from the Laboratory of Human Anatomy and Embryology, University of Brussels (ULB), Belgium },
}

@book{buhmann2003radial,
  title={Radial Basis Functions: Theory and Implementations},
  author={Buhmann, M.D.},
  isbn={9781139435246},
  lccn={20349830},
  series={Cambridge Monographs on Applied and Computational Mathematics},
  url={http://books.google.co.il/books?id=TRMf53opzlsC},
  year={2003},
  publisher={Cambridge University Press}
}

@book{press2007numerical,
  title={Numerical Recipes 3rd Edition: The Art of Scientific Computing},
  author={Press, W.H.},
  isbn={9780521880688},
  lccn={89015841},
  url={http://books.google.co.il/books?id=1aAOdzK3FegC},
  year={2007},  
  publisher={Cambridge University Press},
  section={3.7.1}
}

@article{Floater200319,
title = "Mean value coordinates ",
journal = "Computer Aided Geometric Design ",
volume = "20",
number = "1",
pages = "19 - 27",
year = "2003",
note = "",
issn = "0167-8396",
doi = "http://dx.doi.org/10.1016/S0167-8396(03)00002-5",
url = "http://www.sciencedirect.com/science/article/pii/S0167839603000025",
author = "Michael S. Floater",
keywords = "Barycentric coordinates",
keywords = "Harmonic function",
keywords = "Mean value theorem",
keywords = "Parameterization",
keywords = "Morphing "
}

@book{Jolliffe:2002,
  added-at = {2008-06-20T00:29:01.000+0200},
  author = {Jolliffe, I. T.},
  biburl = {http://www.bibsonomy.org/bibtex/24823436f6067d2942389551095ae46eb/latentsemantic},
  interhash = {55163789a5c7af76da3e9b319884b07f},
  intrahash = {4823436f6067d2942389551095ae46eb},
  isbn = {0387954422},
  keywords = {imported},
  publisher = {Springer},
  timestamp = {2008-06-20T00:29:01.000+0200},
  title = {Principal Component Analysis},
  year = 2002
}

@book{prewitt1970object,
  title={Object enhancement and extraction},
  author={Prewitt, Judith MS},
  volume={75},
  year={1970},
  publisher={Academic Press, New York}
}